%% This BibTeX bibliography file was created using BibDesk.
%% http://bibdesk.sourceforge.net/

%% Created for Neil Taylor at 2019-04-17 14:08:38 +0100 


%% Saved with string encoding Unicode (UTF-8) 


@string{aij = {Artificial Intelligence}}


@misc{aber_verify,
	Annote = {Discord bot for Aberystwyth user verification in discord servers using email accounts (e.g. joa38@aber.ac.uk) and discord IDs (e.g. JoelinRome\#4893). These accounts are then linked together using JSON objects. This project is currently available through Github.},
	Author = {N. Snooke},
	url = {https://github.com/NealSnooke/Aber-Verify-Discord-Bot},
	Month = Sep,
	Note = {Accessed April 2021},
	Title = {{AberVerify}},
	Year = {2020}}

@misc{I_am_here,
	Annote = {Discord bot for marking Aberystwyth students' attendance during a practical. A student writes a message and the bot adds them to a list of students that have attended the practical and emails the lecturer at the end. This project is currently available through Github.},
	Author = {N. Snooke},
	url = {https://github.com/NealSnooke/IAmHere-Discord-Bot},
	Month = Sep,
	Note = {Accessed April 2021},
	Title = {I am here},
	Year = {2020}}

@misc{demohelper,
	Annote = {DemoHelper is a Discord bot created to manage demonstrating online for students on Discord.},
	Author = {{Joel Adams, Nathan Williams}},
	url = {https://github.com/AberDiscordBotsTeam/demoHelperBot},
	Note = {Accessed April 2021},
	Title = {DemoHelper}}

@misc{discord,
	Annote = {Discord is a voice, video and text communication platform.},
	Author = {{Discord Inc.}},
	url = {https://discord.com/},
	Note = {Accessed January 2021},
	Title = {Discord}}

@misc{discord.py,
	Annote = {Python API library for Discord currently available through Github.},
	Author = {{Danny (Rapptz) and Various}},
	url = {https://github.com/Rapptz/discord.py},
	Note = {Accessed January 2021},
	Title = {discord.py}}

@misc{psql,
	Annote = {PostgreSQL is a powerful, open source object-relational database system with over 30 years of active development that has earned it a strong reputation for reliability, feature robustness, and performance.},
	Author = {{PostgreSQL Global Development Group}},
	url = {https://www.postgresql.org/},
	Note = {Accessed April 2021},
	Title = {{PostgreSQL}}}

@misc{Django,
	Annote = {Django is a high-level Python Web framework that encourages rapid development and clean, pragmatic design.},
	Author = {{Django Software Foundation}},
	url = {https://www.djangoproject.com/},
	Note = {Accessed April 2021},
	Title = {Django}}

@misc{OpenID,
	Annote = {OpenID connect is a identity layer on top of OAuth 2.0 and is responsible for simple user verification. It provides a basic profile of the connected user to the client in a REST-like manner.},
	Author = {{OpenID Foundation}},
	url = {https://openid.net/connect/},
	Note = {Accessed April 2021},
	Title = {{OpenID Connect}}}

@misc{apache2,
	Annote = {Apache2.0 is a open source linux package for website hosting},
	Author = {{Apache Software Foundation}},
	url = {https://httpd.apache.org/},
	Note = {Accessed April 2021},
	Title = {{Apache 2.0}}}

@misc{nginx,
	Annote = {NGINX is a open source linux package for website hosting},
	Author = {{F5 Company Leadership}},
	url = {https://www.nginx.com/},
	Note = {Accessed April 2021},
	Title = {{NGINX}}}

@misc{debian,
	Annote = {Debian 10 (Buster) is a Linux Distro and is used throughout this project},
	Author = {{Debian}},
	url = {https://www.debian.org/releases/buster/},
	Note = {Accessed April 2021},
	Title = {{Debian 10 (Buster)}}}

@misc{figma,
	Annote = {Figma is a design website used to build application mockups.},
	Author = {{Evan Wallace \& Dylan Field}},
	url = {https://www.figma.com/},
	Note = {Accessed April 2021},
	Title = {{Figma}}}

@misc{pycharm,
	Annote = {A professional IDE for Python built bu JetBrains.},
	Author = {{JetBrains}},
	url = {https://www.jetbrains.com/pycharm/},
	Note = {Accessed April 2021},
	Title = {{PyCharm}}}

@misc{vsc,
	Annote = {Free, open source code editor with a wide range of extensions to support compiling code in many languages.},
	Author = {{Microsoft}},
	url = {https://code.visualstudio.com/},
	Note = {Accessed April 2021},
	Title = {{Visual Studio Code}}}

@misc{oauth2,
	Annote = {OAuth 2.0 is the industry-standard protocol for authorization.},
	Author = {{Blaine Cook}},
	url = {https://oauth.net/2/},
	Note = {Accessed April 2021},
	Title = {{OAuth 2.0}}}

@misc{certbot,
	Annote = {Certbot is an open-souce tool used to create a Let's Encrypt certificate to allow a website to use HTTPS.},
	Author = {{Electronic Frontier Foundation (EFF)}},
	url = {https://certbot.eff.org/},
	Note = {Accessed April 2021},
	Title = {{Certbot}}}

@misc{bootstrap,
	Annote = {Bootstrap is a responsive plugin to help with stlylising webpages using HTML, CSS and JavaScript plugins.},
	Author = {{Various authors on \href{https://github.com/orgs/twbs/people}{Github}}},
	url = {https://getbootstrap.com/},
	Note = {Accessed April 2021},
	Title = {{Bootstrap 5.0}}}

@misc{psycopg2,
	Annote = {Psycopg2 is a Python library responsible for connecting to PostgreSQL databases. It is built in C as a libpq wrapper.},
	Author = {{Various authors}},
	url = {https://www.psycopg.org/docs/},
	Note = {Accessed April 2021},
	Title = {{Psycopg2}}}

@misc{apacheBenchmark,
	Annote = {AB is a tool used to stress test a websites capacity to deal with 1000s of requests at once.},
	Author = {{Apache Software Foundation}},
	url = {https://httpd.apache.org/docs/current/programs/ab.html},
	Note = {Accessed April 2021},
	Title = {{Apache HTTP server benchmarking tool (ApacheBenchmark)}}}

@misc{requests,
	Annote = {Requests is a Python library used to make queries to API endpoints or websites. It is open source and is available via PyPI.},
	Author = {{graffatcolmingov, Lukasa and nateprewitt}},
	url = {https://docs.python-requests.org/en/master/l},
	Note = {Accessed April 2021},
	Title = {{Requests: HTTP for Humansâ„¢}}}

@misc{pytz,
	Annote = {Used for accurate, cross-platform timezone calculation. It is open source and is available via PyPI.},
	Author = {{stub}},
	url = {https://pypi.org/project/pytz/},
	Note = {Accessed April 2021},
	Title = {{pytz}}}

@misc{sqlparse,
	Annote = {Python library for parsing, splitting and formatting Non-validationg SQL libraries. It is open source and is available via PyPI.},
	Author = {{aalbrecht}},
	url = {https://pypi.org/project/pytz/},
	Note = {Accessed April 2021},
	Title = {{sqlparse}}}

@misc{asgiref,
	Annote = {Asynchronous Server Gateway Interface is the successor to WSGI used as a interface for Python webservers and frameworks.},
	Author = {{Various authors}},
	url = {https://asgi.readthedocs.io/en/latest/},
	Note = {Accessed April 2021},
	Title = {{ASGI}}}

@misc{libapache2-mod-auth-openidc,
	Annote = {mod-auth-openidc is a authentication library for Apache2 that uses OpenID Connect to authenticate users.},
	Author = {{Various authors}},
	url = {https://packages.debian.org/sid/libapache2-mod-auth-openidc},
	Note = {Accessed April 2021},
	Title = {{OpenID Connect authentication module for Apache2}}}

@misc{letsencrypt,
	Annote = {A nonprofit Certificate Authority providing TLS certificates to HTTPS.},
	Author = {{Internet Security Research Group (ISRG)}},
	url = {https://letsencrypt.org/},
	Note = {Accessed April 2021},
	Title = {{Let's Encrypt}}}

@misc{libpq-dev,
	Annote = {Debian package required for building C header files for the psycopg2 library.},
	Author = {{Ashald and ncbi}},
	url = {https://packages.debian.org/sid/libpq-dev},
	Note = {Accessed April 2021},
	Title = {{libpq-dev}}}

@misc{python-dev,
	Annote = {Debian package required for building Python 2 modules such as psycopg2.},
	Author = {{Guido van Rossum}},
	url = {https://packages.debian.org/buster/python-dev},
	Note = {Accessed April 2021},
	Title = {{python-dev}}}

@misc{pipenv,
	Annote = {Pipenv is a package manager for Python that uses a Pipfile to store a list of dependencies that need to be installed. These dependencies are then installed inside of a virtual environment.},
	Author = {{Various authors}},
	url = {https://pypi.org/project/pipenv/},
	Note = {Accessed April 2021},
	Title = {{Pipenv}}}

@misc{dotenv,
	Annote = {Python library that loads key-value pairs from .env files.},
	Author = {{bbc and theskumar}},
	url = {https://pypi.org/project/python-dotenv/},
	Note = {Accessed April 2021},
	Title = {{python-dotenv}}}

@misc{discord.py-slash,
	Annote = {Python library for Discord.py that adds support to use the slash commands available in the Discord API.},
	Author = {{eunwoo1104}},
	url = {https://pypi.org/project/discord-py-slash-command/},
	Note = {Accessed April 2021},
	Title = {{discord-py-slash-command}}}

@misc{shelve,
	Annote = {Default module built into Python that enables users to create and save data to a micro database called a shelve file.},
	Author = {{Python Software Foundation}},
	url = {https://docs.python.org/3/library/shelve.html},
	Note = {Accessed April 2021},
	Title = {{Shelve - Python object persistence}}}
