%% This BibTeX bibliography file was created using BibDesk.
%% http://bibdesk.sourceforge.net/

%% Created for Neil Taylor at 2019-02-06 11:28:24 +0000 


%% Saved with string encoding Unicode (UTF-8) 

@misc{AberVerify,
	Annote = {Discord bot for Aberystwyth user verification in discord servers using email accounts (e.g. joa38@aber.ac.uk) and discord IDs (e.g. JoelinRome\#4893). These accounts are then linked together using JSON objects. This project is currently available through Github.},
	Author = {N. Snooke},
	url = {https://github.com/NealSnooke/Aber-Verify-Discord-Bot},
	Month = Sep,
	Note = {Accessed January 2021},
	Title = {{AberVerify}},
	Year = {2020}}

@misc{I_am_here,
	Annote = {Discord bot for marking Aberystwyth students' attendance during a practical. A student writes a message and the bot adds them to a list of students that have attended the practical and emails the lecturer at the end. This project is currently available through Github.},
	Author = {N. Snooke},
	url = {https://github.com/NealSnooke/IAmHere-Discord-Bot},
	Month = Sep,
	Note = {Accessed January 2021},
	Title = {I am here},
	Year = {2020}}

@misc{discord,
	Annote = {Discord is a voice, video or text communication service used widely in the department of Computer Science at Aberywtysth University.},
	Author = {{Discord Inc.}},
	url = {https://discord.com/},
	Note = {Accessed January 2021},
	Title = {Discord}}

@misc{discord.py,
	Annote = {Python API library for Discord currently available through Github.},
	Author = {{Danny (Rapptz) and Various}},
	url = {https://github.com/Rapptz/discord.py},
	Note = {Accessed January 2021},
	Title = {discord.py}}

@misc{psql,
	Annote = {PostgreSQL is a powerful, open source object-relational database system with over 30 years of active development that has earned it a strong reputation for reliability, feature robustness, and performance.},
	Author = {{PostgreSQL Global Development Group}},
	url = {https://www.postgresql.org/},
	Note = {Accessed January 2021},
	Title = {{PostgreSQL}}}

@misc{Django,
	Annote = {Django is a high-level Python Web framework that encourages rapid development and clean, pragmatic design.},
	Author = {{Django Software Foundation}},
	url = {https://www.djangoproject.com/},
	Note = {Accessed January 2021},
	Title = {Django}}

@misc{OpenID,
	Annote = {OpenID connect is a identity layer on top of OAuth 2.0 and is responsible for simple user verification. It provides a basic profile of the connected user to the client in a REST-like manner.},
	Author = {{OpenID Foundation}},
	url = {https://openid.net/connect/},
	Note = {Accessed January 2021},
	Title = {{OpenID Connect}}}
}
